@article{DBLP,
  author    = {Greg Aloupis and
               Erik D. Demaine and
               Alan Guo},
  title     = {Classic Nintendo Games are (NP-)Hard},
  journal   = {CoRR},
  volume    = {abs/1203.1895},
  year      = {2012},
  url       = {http://arxiv.org/abs/1203.1895},
  archivePrefix = {arXiv},
  eprint    = {1203.1895},
  timestamp = {Mon, 13 Aug 2018 16:47:46 +0200},
  biburl    = {https://dblp.org/rec/bib/journals/corr/abs-1203-1895},
  bibsource = {dblp computer science bibliography, https://dblp.org}
}

@manual{SMK,
    title        = {Super Mario Kart Instruction Booklet},
    language     = {English},
    organization = {Nintendo Corporation},
    pagetotal    = {35},
    url          = {https://www.nintendo.co.jp/clvs/manuals/common/pdf/CLV-P-SAAFE.pdf},
    pubstate     = {1992}
}

@manual{retro,
    title        = {Gym Retro},
    language     = {English},
    organization = {OpenAI},
    year         = {2019},
    url          = {https://retro.readthedocs.io}
}

@manual{gist,
    title = {q-learner.py},
    language = {Python},
    year = {2019},
    url = {https://gist.github.com/stevenwalton/4e4b664d494b35be2d6882c7e50eb893}
}

@article{DeepMind,
  author    = {Volodymyr Mnih and
               Koray Kavukcuoglu and
               David Silver and
               Alex Graves and
               Ioannis Antonoglou and
               Daan Wierstra and
               Martin A. Riedmiller},
  title     = {Playing Atari with Deep Reinforcement Learning},
  journal   = {CoRR},
  volume    = {abs/1312.5602},
  year      = {2013},
  url       = {http://arxiv.org/abs/1312.5602},
  archivePrefix = {arXiv},
  eprint    = {1312.5602},
  timestamp = {Mon, 13 Aug 2018 16:47:42 +0200},
  biburl    = {https://dblp.org/rec/bib/journals/corr/MnihKSGAWR13},
  bibsource = {dblp computer science bibliography, https://dblp.org}
}

@Misc{BH,
    title = {BizHawk},
    organization = {TASVideos},
    url = {https://github.com/TASVideos/BizHawk/}
}

@Misc{SethBling,
    author = {SethBling},
    url = {https://www.youtube.com/user/sethbling}
}
